<?xml version="1.0" encoding="UTF-8"?>
<Document xmlns="urn:iso:std:iso:20022:tech:xsd:pain.001.001.03" xmlns:xsi="http://www.w3.org/2001/XMLSchema-instance">
    <CstmrCdtTrfInitn>
        <GrpHdr>
            <MsgId>000001</MsgId>
            <CreDtTm>2019-05-21T17:52:27</CreDtTm>
            <NbOfTxs>1</NbOfTxs>
            <CtrlSum>1.20</CtrlSum>
            <InitgPty><Nm>Klantnaam</Nm>
            </InitgPty>
        </GrpHdr>
        <PmtInf>
            <PmtInfId>SCT_ET_MT_June_21</PmtInfId>
            <PmtMtd>TRF</PmtMtd>
            <NbOfTxs>1</NbOfTxs>
            <CtrlSum>1.20</CtrlSum>
            <PmtTpInf>
                <SvcLvl>
                    <Cd>SEPA</Cd>
                </SvcLvl>
            </PmtTpInf>
            <ReqdExctnDt>2019-05-21</ReqdExctnDt>
            <Dbtr>
                <Nm>Debiteur</Nm>
            </Dbtr>
            <DbtrAcct>
                <Id>
                    <IBAN>NL62ABNA9999841479</IBAN>
                </Id>
            </DbtrAcct>
            <DbtrAgt>
                <FinInstnId>
                    <BIC>ABNANL2A</BIC>
                </FinInstnId>
            </DbtrAgt>
            <ChrgBr>SLEV</ChrgBr>
            <CdtTrfTxInf>
                <PmtId>
                    <EndToEndId>Onze referentie: 123456</EndToEndId>
                </PmtId>
                <Amt>
                    <InstdAmt Ccy="EUR">1.20</InstdAmt>
                </Amt>
                <CdtrAgt>
                    <FinInstnId>
                        <BIC>ABNANL2A</BIC>
                    </FinInstnId>
                </CdtrAgt>
                <Cdtr>
                    <Nm>Crediteur</Nm>
                </Cdtr>
                <CdtrAcct>
                    <Id>
                    <IBAN>NL12ABNA9999876523</IBAN>
                    </Id>
                </CdtrAcct>
                <RmtInf>
                        <Ustrd>Ref.2019.0386</Ustrd>
                </RmtInf>
            </CdtTrfTxInf>
        </PmtInf>
    </CstmrCdtTrfInitn>
</Document>
